<?xml version="1.0" encoding="UTF-8"?>
<marc:collection xmlns:marc="http://www.loc.gov/MARC21/slim"
    xmlns:xsi="http://www.w3.org/2001/XMLSchema-instance"
    xsi:schemaLocation="http://www.loc.gov/MARC21/slim
    http://www.loc.gov/standards/marcxml/schema/MARC21slim.xsd">
    <marc:record>
        <marc:leader>11111nam a2200553ui 4500</marc:leader>
        <marc:controlfield tag="001">100-test1</marc:controlfield>
        <marc:datafield tag="100" ind1="1" ind2=" ">
            <marc:subfield code="a">Test Abridger</marc:subfield>
            <marc:subfield code="4">abr</marc:subfield>
        </marc:datafield>
        <marc:datafield tag="100" ind1="1" ind2=" ">
            <marc:subfield code="a">Test Auctioneer</marc:subfield>
            <marc:subfield code="e">Auctioneer</marc:subfield>
        </marc:datafield>
        <marc:datafield tag="700" ind1="3" ind2=" ">
            <marc:subfield code="a">Test project director family</marc:subfield>
            <marc:subfield code="4">http://id.loc.gov/vocabulary/relators/pdr</marc:subfield>
        </marc:datafield>
        <marc:datafield tag="100" ind1="1" ind2=" ">
            <marc:subfield code="a">Test originator</marc:subfield>
            <marc:subfield code="4">http://rdaregistry.info/Elements/e/P20389</marc:subfield>
        </marc:datafield>
    </marc:record>
</marc:collection>
